@article{Einstein:1915,
    author = "Einstein, Albert",
    title = "{The Field Equations of Gravitation}",
    journal = "Sitzungsber. Preuss. Akad. Wiss. Berlin (Math. Phys. )",
    volume = "1915",
    pages = "844--847",
    year = "1915"
}

@book{Thomson:2019, 
	author = {Mark Thomson},
	title = {Modern {Particle} {Physics}},
	year = {2019},
	publisher = {Cambridge University Press}
	}

@book{Green:2004, 
	author = {Dan Green},
	title = {High {pT} {Physics} at {Hadron} {Colliders}},
	year = {2004},
	publisher = {Cambridge University Press}
	}

@incollection{PhilosophyMeetsPhysics:2001,
	author = {Edward Witten},
	booktitle = {Physics {Meets} {Philosophy} at the {Planck} {Scale} - {Contemporary} {Theories} in {Quantum} {Gravity}},
	title = {Reflections on the fate of spacetime},
	chapter = {5},
	pages = {125-137},
	publisher = {Cambridge University Press},
	year = {2001}
}

@misc{ATLAS_2D,
  howpublished = {\url{http://cds.cern.ch/record/1505342?ln=en}},
  note = {Accessed: 2020-05-26}
}

@article{dilepton_selection, 
	author = "{ATLAS Collaboration}",
	title = "{Search for high-mass dilepton resonances using $139fb^{-1}$ of $pp$ collision at $\sqrt{s}=13$TeV with the ATLAS detector}",
	journal = "Physics Letters B",
	volume = "796",
	pages = "68 - 87",
	year = "2019",
	issn = "0370-2693",
	doi = "https://doi.org/10.1016/j.physletb.2019.07.016",
	url = "http://www.sciencedirect.com/science/article/pii/S0370269319304721"
}

@misc{hadronic_calorimetry,
	title = {The {ATLAS} {Tile} {Calorimeter}},
	author = { A. Henriques },
	howpublished = {\url{https://cds.cern.ch/record/2004868/files/ATL-TILECAL-PROC-2015-002.pdf}},
	note = {Accessed: 2020-05-26}
}


